<record><leader>00000cas a22000001a 4500</leader><controlfield tag="001">9858717</controlfield><controlfield tag="007">hd afa015baca</controlfield><controlfield tag="007">hd bfa015baaa</controlfield><controlfield tag="008">830829d18371842nyuwr nea     0   a0eng c</controlfield><datafield ind1=" " ind2=" " tag="010"><subfield code="a">sn 94084009 </subfield></datafield><datafield ind1=" " ind2=" " tag="040"><subfield code="a">MFS</subfield><subfield code="b">eng</subfield><subfield code="c">MFS</subfield><subfield code="d">RQM</subfield><subfield code="d">OCL</subfield><subfield code="d">OCLCQ</subfield><subfield code="d">OCLCF</subfield><subfield code="d">OCLCO</subfield><subfield code="d">OCLCQ</subfield></datafield><datafield ind1=" " ind2=" " tag="012"><subfield code="i">8308</subfield></datafield><datafield ind1=" " ind2=" " tag="042"><subfield code="a">pcc</subfield></datafield><datafield ind1=" " ind2="4" tag="050"><subfield code="a">E185.5</subfield><subfield code="b">.C6</subfield></datafield><datafield ind1="0" ind2="4" tag="245"><subfield code="a">The Colored American.</subfield></datafield><datafield ind1=" " ind2=" " tag="260"><subfield code="a">New York :</subfield><subfield code="b">Charles B. Ray,</subfield><subfield code="c">1837-1842.</subfield></datafield><datafield ind1=" " ind2=" " tag="300"><subfield code="a">5 volumes :</subfield><subfield code="b">illustrations</subfield></datafield><datafield ind1=" " ind2=" " tag="310"><subfield code="a">Weekly</subfield></datafield><datafield ind1=" " ind2=" " tag="336"><subfield code="a">text</subfield><subfield code="b">txt</subfield><subfield code="2">rdacontent</subfield></datafield><datafield ind1=" " ind2=" " tag="337"><subfield code="a">microform</subfield><subfield code="b">h</subfield><subfield code="2">rdamedia</subfield></datafield><datafield ind1=" " ind2=" " tag="338"><subfield code="a">microfilm reel</subfield><subfield code="b">hd</subfield><subfield code="2">rdacarrier</subfield></datafield><datafield ind1="0" ind2=" " tag="362"><subfield code="a">Vol. 1, no. 9 (Mar. 4, 1837)-v. 3, no. 23 (1839); New ser., vol. 1, no. 1 (Mar. 7, 1840)-v. 2, no. 2 (Mar. 13, 1842).</subfield></datafield><datafield ind1=" " ind2=" " tag="533"><subfield code="a">Microfilm.</subfield><subfield code="m">Mar. 14,1840-Mar. 13,1841.</subfield><subfield code="b">New York :</subfield><subfield code="c">New York Public Library,</subfield><subfield code="d">[19--].</subfield><subfield code="e">1 microfilm reel ; 35 mm.</subfield></datafield><datafield ind1=" " ind2="0" tag="650"><subfield code="a">African Americans</subfield><subfield code="v">Periodicals.</subfield></datafield><datafield ind1=" " ind2="0" tag="650"><subfield code="a">African American periodicals.</subfield></datafield><datafield ind1=" " ind2="7" tag="650"><subfield code="a">African American periodicals.</subfield><subfield code="2">fast</subfield><subfield code="0">(OCoLC)fst00799293</subfield></datafield><datafield ind1=" " ind2="7" tag="650"><subfield code="a">African Americans.</subfield><subfield code="2">fast</subfield><subfield code="0">(OCoLC)fst00799558</subfield></datafield><datafield ind1=" " ind2="7" tag="655"><subfield code="a">Periodicals.</subfield><subfield code="2">fast</subfield><subfield code="0">(OCoLC)fst01411641</subfield></datafield><datafield ind1=" " ind2=" " tag="752"><subfield code="a">United States</subfield><subfield code="b">New York</subfield><subfield code="d">New York.</subfield></datafield><datafield ind1="1" ind2=" " tag="776"><subfield code="c">Original</subfield><subfield code="w">(DLC)sn 83030314</subfield></datafield><datafield ind1="0" ind2="0" tag="780"><subfield code="t">Weekly advocate</subfield><subfield code="c">(New York : 1837)</subfield></datafield><datafield ind1=" " ind2=" " tag="850"><subfield code="a">NN</subfield><subfield code="a">NN (master)</subfield></datafield><datafield ind1="1" ind2=" " tag="029"><subfield code="a">AU@</subfield><subfield code="b">000025873454</subfield></datafield></record>